@article{hu2021ogb,
  title={Ogb-lsc: A large-scale challenge for machine learning on graphs},
  author={Hu, Weihua and Fey, Matthias and Ren, Hongyu and Nakata, Maho and Dong, Yuxiao and Leskovec, Jure},
  journal={arXiv preprint arXiv:2103.09430},
  year={2021}
}

@article{schlag2021linear,
  title={Linear transformers are secretly fast weight memory systems},
  author={Schlag, Imanol and Irie, Kazuki and Schmidhuber, J{\"u}rgen},
  journal={arXiv preprint arXiv:2102.11174},
  year={2021}
}

@article{shoeybi2019megatron,
  title={Megatron-lm: Training multi-billion parameter language models using model parallelism},
  author={Shoeybi, Mohammad and Patwary, Mostofa and Puri, Raul and LeGresley, Patrick and Casper, Jared and Catanzaro, Bryan},
  journal={arXiv preprint arXiv:1909.08053},
  year={2019}
}

@inproceedings{wang2021global,
  title={On the Global Self-attention Mechanism for Graph Convolutional Networks},
  author={Wang, Chen and Deng, Chengyuan},
  booktitle={2020 25th International Conference on Pattern Recognition (ICPR)},
  pages={8531--8538},
  year={2021},
  organization={IEEE}
}

@inproceedings{wang2019heterogeneous,
  title={Heterogeneous graph attention network},
  author={Wang, Xiao and Ji, Houye and Shi, Chuan and Wang, Bai and Ye, Yanfang and Cui, Peng and Yu, Philip S},
  booktitle={The World Wide Web Conference},
  pages={2022--2032},
  year={2019}
}

@inproceedings{xiong2020layer,
  title={On layer normalization in the transformer architecture},
  author={Xiong, Ruibin and Yang, Yunchang and He, Di and Zheng, Kai and Zheng, Shuxin and Xing, Chen and Zhang, Huishuai and Lan, Yanyan and Wang, Liwei and Liu, Tieyan},
  booktitle={International Conference on Machine Learning},
  pages={10524--10533},
  year={2020},
  organization={PMLR}
}

@article{xu2018powerful,
  title={How powerful are graph neural networks?},
  author={Xu, Keyulu and Hu, Weihua and Leskovec, Jure and Jegelka, Stefanie},
  journal={arXiv preprint arXiv:1810.00826},
  year={2018}
}

@inproceedings{you2019position,
  title={Position-aware graph neural networks},
  author={You, Jiaxuan and Ying, Rex and Leskovec, Jure},
  booktitle={International Conference on Machine Learning},
  pages={7134--7143},
  year={2019},
  organization={PMLR}
}

@article{yun2019graph,
  title={Graph transformer networks},
  author={Yun, Seongjun and Jeong, Minbyul and Kim, Raehyun and Kang, Jaewoo and Kim, Hyunwoo J},
  journal={Advances in Neural Information Processing Systems},
  volume={32},
  pages={11983--11993},
  year={2019}
}

@article{zhang2020graph,
  title={Graph-bert: Only attention is needed for learning graph representations},
  author={Zhang, Jiawei and Zhang, Haopeng and Xia, Congying and Sun, Li},
  journal={arXiv preprint arXiv:2001.05140},
  year={2020}
}

@article{zhang2020revisiting,
  title={Revisiting graph neural networks for link prediction},
  author={Zhang, Muhan and Li, Pan and Xia, Yinglong and Wang, Kai and Jin, Long},
  journal={arXiv preprint arXiv:2010.16103},
  year={2020}
}
@inproceedings{ioffe2015batch,
  title={Batch normalization: Accelerating deep network training by reducing internal covariate shift},
  author={Ioffe, Sergey and Szegedy, Christian},
  booktitle={International conference on machine learning},
  pages={448--456},
  year={2015},
  organization={PMLR}
}

@article{irwin2012zinc,
  title={ZINC: a free tool to discover chemistry for biology},
  author={Irwin, John J and Sterling, Teague and Mysinger, Michael M and Bolstad, Erin S and Coleman, Ryan G},
  journal={Journal of chemical information and modeling},
  volume={52},
  number={7},
  pages={1757--1768},
  year={2012},
  publisher={ACS Publications}
}

@inproceedings{katharopoulos2020transformers,
  title={Transformers are rnns: Fast autoregressive transformers with linear attention},
  author={Katharopoulos, Angelos and Vyas, Apoorv and Pappas, Nikolaos and Fleuret, Fran{\c{c}}ois},
  booktitle={International Conference on Machine Learning},
  pages={5156--5165},
  year={2020},
  organization={PMLR}
}

@article{kingma2014adam,
  title={Adam: A method for stochastic optimization},
  author={Kingma, Diederik P and Ba, Jimmy},
  journal={arXiv preprint arXiv:1412.6980},
  year={2014}
}

@article{krizhevsky2009learning,
  title={Learning multiple layers of features from tiny images},
  author={Krizhevsky, Alex and Hinton, Geoffrey and others},
  year={2009},
  publisher={Citeseer}
}

@article{lecun1998gradient,
  title={Gradient-based learning applied to document recognition},
  author={LeCun, Yann and Bottou, L{\'e}on and Bengio, Yoshua and Haffner, Patrick},
  journal={Proceedings of the IEEE},
  volume={86},
  number={11},
  pages={2278--2324},
  year={1998},
  publisher={Ieee}
}

@article{li2018graph,
  title={Graph Transformer},
  author={Li, Yuan and Liang, Xiaodan and Hu, Zhiting and Chen, Yinbo and Xing, Eric P},
  year={2018}
}

@article{nguyen2019universal,
  title={Universal self-attention network for graph classification},
  author={Nguyen, Dai Quoc and Dinh Nguyen, Tu and Phung, Dinh},
  journal={arXiv e-prints},
  pages={arXiv--1909},
  year={2019}
}

@article{puny2020global,
  title={Global Attention Improves Graph Networks Generalization},
  author={Puny, Omri and Ben-Hamu, Heli and Lipman, Yaron},
  journal={arXiv preprint arXiv:2006.07846},
  year={2020}
}

@article{ramachandran2019stand,
  title={Stand-alone self-attention in vision models},
  author={Ramachandran, Prajit and Parmar, Niki and Vaswani, Ashish and Bello, Irwan and Levskaya, Anselm and Shlens, Jonathon},
  journal={arXiv preprint arXiv:1906.05909},
  year={2019}
}

@inproceedings{chen2020generative,
  title={Generative pretraining from pixels},
  author={Chen, Mark and Radford, Alec and Child, Rewon and Wu, Jeffrey and Jun, Heewoo and Luan, David and Sutskever, Ilya},
  booktitle={International Conference on Machine Learning},
  pages={1691--1703},
  year={2020},
  organization={PMLR}
}

@article{chen2019path,
  title={Path-augmented graph transformer network},
  author={Chen, Benson and Barzilay, Regina and Jaakkola, Tommi},
  journal={arXiv preprint arXiv:1905.12712},
  year={2019}
}

@article{child2019generating,
  title={Generating long sequences with sparse transformers},
  author={Child, Rewon and Gray, Scott and Radford, Alec and Sutskever, Ilya},
  journal={arXiv preprint arXiv:1904.10509},
  year={2019}
}

@article{clevert2015fast,
  title={Fast and accurate deep network learning by exponential linear units (elus)},
  author={Clevert, Djork-Arn{\'e} and Unterthiner, Thomas and Hochreiter, Sepp},
  journal={arXiv preprint arXiv:1511.07289},
  year={2015}
}

@article{cordonnier2019relationship,
  title={On the relationship between self-attention and convolutional layers},
  author={Cordonnier, Jean-Baptiste and Loukas, Andreas and Jaggi, Martin},
  journal={arXiv preprint arXiv:1911.03584},
  year={2019}
}

@article{dwivedi2020benchmarking,
  title={Benchmarking graph neural networks},
  author={Dwivedi, Vijay Prakash and Joshi, Chaitanya K and Laurent, Thomas and Bengio, Yoshua and Bresson, Xavier},
  journal={arXiv preprint arXiv:2003.00982},
  year={2020}
}

@article{dwivedi2020generalization,
  title={A generalization of transformer networks to graphs},
  author={Dwivedi, Vijay Prakash and Bresson, Xavier},
  journal={arXiv preprint arXiv:2012.09699},
  year={2020}
}

@inproceedings{hamilton2017inductive,
  title={Inductive representation learning on large graphs},
  author={Hamilton, William L and Ying, Rex and Leskovec, Jure},
  booktitle={Proceedings of the 31st International Conference on Neural Information Processing Systems},
  pages={1025--1035},
  year={2017}
}

@inproceedings{he2016deep,
  title={Deep residual learning for image recognition},
  author={He, Kaiming and Zhang, Xiangyu and Ren, Shaoqing and Sun, Jian},
  booktitle={Proceedings of the IEEE conference on computer vision and pattern recognition},
  pages={770--778},
  year={2016}
}

@inproceedings{hu2020heterogeneous,
  title={Heterogeneous graph transformer},
  author={Hu, Ziniu and Dong, Yuxiao and Wang, Kuansan and Sun, Yizhou},
  booktitle={Proceedings of The Web Conference 2020},
  pages={2704--2710},
  year={2020}
}

@article{srinivasan2019equivalence,
  title={On the equivalence between positional node embeddings and structural graph representations},
  author={Srinivasan, Balasubramaniam and Ribeiro, Bruno},
  journal={arXiv preprint arXiv:1910.00452},
  year={2019}
}

@article{mccallum2000automating,
  title={Automating the construction of internet portals with machine learning},
  author={McCallum, Andrew Kachites and Nigam, Kamal and Rennie, Jason and Seymore, Kristie},
  journal={Information Retrieval},
  volume={3},
  number={2},
  pages={127--163},
  year={2000},
  publisher={Springer}
}

@incollection{getoor2005link,
  title={Link-based classification},
  author={Getoor, Lise},
  booktitle={Advanced methods for knowledge discovery from complex data},
  pages={189--207},
  year={2005},
  publisher={Springer}
}

@article{morris2020tudataset,
  title={Tudataset: A collection of benchmark datasets for learning with graphs},
  author={Morris, Christopher and Kriege, Nils M and Bause, Franka and Kersting, Kristian and Mutzel, Petra and Neumann, Marion},
  journal={arXiv preprint arXiv:2007.08663},
  year={2020}
}

@inproceedings{abadi2016tensorflow,
  title={Tensorflow: A system for large-scale machine learning},
  author={Abadi, Mart{\'\i}n and Barham, Paul and Chen, Jianmin and Chen, Zhifeng and Davis, Andy and Dean, Jeffrey and Devin, Matthieu and Ghemawat, Sanjay and Irving, Geoffrey and Isard, Michael and others},
  booktitle={12th $\{$USENIX$\}$ symposium on operating systems design and implementation ($\{$OSDI$\}$ 16)},
  pages={265--283},
  year={2016}
}

@article{abbe2017community,
  title={Community detection and stochastic block models: recent developments},
  author={Abbe, Emmanuel},
  journal={The Journal of Machine Learning Research},
  volume={18},
  number={1},
  pages={6446--6531},
  year={2017},
  publisher={JMLR. org}
}

@article{achanta2012slic,
  title={SLIC superpixels compared to state-of-the-art superpixel methods},
  author={Achanta, Radhakrishna and Shaji, Appu and Smith, Kevin and Lucchi, Aurelien and Fua, Pascal and S{\"u}sstrunk, Sabine},
  journal={IEEE transactions on pattern analysis and machine intelligence},
  volume={34},
  number={11},
  pages={2274--2282},
  year={2012},
  publisher={IEEE}
}

@article{ba2016layer,
  title={Layer normalization},
  author={Ba, Jimmy Lei and Kiros, Jamie Ryan and Hinton, Geoffrey E},
  journal={arXiv preprint arXiv:1607.06450},
  year={2016}
}

@inproceedings{belkin2001laplacian,
  title={Laplacian eigenmaps and spectral techniques for embedding and clustering.},
  author={Belkin, Mikhail and Niyogi, Partha},
  booktitle={Nips},
  volume={14},
  number={14},
  pages={585--591},
  year={2001}
}

@article{bresson2017residual,
  title={Residual gated graph convnets},
  author={Bresson, Xavier and Laurent, Thomas},
  journal={arXiv preprint arXiv:1711.07553},
  year={2017}
}

@inproceedings{murphy2019relational,
  title={Relational pooling for graph representations},
  author={Murphy, Ryan and Srinivasan, Balasubramaniam and Rao, Vinayak and Ribeiro, Bruno},
  booktitle={International Conference on Machine Learning},
  pages={4663--4673},
  year={2019},
  organization={PMLR}
}

@article{dosovitskiy2020image,
  title={An image is worth 16x16 words: Transformers for image recognition at scale},
  author={Dosovitskiy, Alexey and Beyer, Lucas and Kolesnikov, Alexander and Weissenborn, Dirk and Zhai, Xiaohua and Unterthiner, Thomas and Dehghani, Mostafa and Minderer, Matthias and Heigold, Georg and Gelly, Sylvain and others},
  journal={arXiv preprint arXiv:2010.11929},
  year={2020}
}

@inproceedings{li2019neural,
  title={Neural speech synthesis with transformer network},
  author={Li, Naihan and Liu, Shujie and Liu, Yanqing and Zhao, Sheng and Liu, Ming},
  booktitle={Proceedings of the AAAI Conference on Artificial Intelligence},
  volume={33},
  number={01},
  pages={6706--6713},
  year={2019}
}

@article{scarselli2008graph,
  title={The graph neural network model},
  author={Scarselli, Franco and Gori, Marco and Tsoi, Ah Chung and Hagenbuchner, Markus and Monfardini, Gabriele},
  journal={IEEE transactions on neural networks},
  volume={20},
  number={1},
  pages={61--80},
  year={2008},
  publisher={IEEE}
}

@inproceedings{gori2005new,
  title={A new model for learning in graph domains},
  author={Gori, Marco and Monfardini, Gabriele and Scarselli, Franco},
  booktitle={Proceedings. 2005 IEEE International Joint Conference on Neural Networks, 2005.},
  volume={2},
  pages={729--734},
  year={2005},
  organization={IEEE}
}

@article{ying2021transformers,
  title={Do Transformers Really Perform Bad for Graph Representation?},
  author={Ying, Chengxuan and Cai, Tianle and Luo, Shengjie and Zheng, Shuxin and Ke, Guolin and He, Di and Shen, Yanming and Liu, Tie-Yan},
  journal={arXiv preprint arXiv:2106.05234},
  year={2021}
}

@inproceedings{gilmer2017neural,
  title={Neural message passing for quantum chemistry},
  author={Gilmer, Justin and Schoenholz, Samuel S and Riley, Patrick F and Vinyals, Oriol and Dahl, George E},
  booktitle={International conference on machine learning},
  pages={1263--1272},
  year={2017},
  organization={PMLR}
}

@article{brossard2020graph,
  title={Graph convolutions that can finally model local structure},
  author={Brossard, R{\'e}my and Frigo, Oriel and Dehaene, David},
  journal={arXiv preprint arXiv:2011.15069},
  year={2020}
}

@article{li2020deepergcn,
  title={Deepergcn: All you need to train deeper gcns},
  author={Li, Guohao and Xiong, Chenxin and Thabet, Ali and Ghanem, Bernard},
  journal={arXiv preprint arXiv:2006.07739},
  year={2020}
}
@article{corso2020principal,
  title={Principal neighbourhood aggregation for graph nets},
  author={Corso, Gabriele and Cavalleri, Luca and Beaini, Dominique and Li{\`o}, Pietro and Veli{\v{c}}kovi{\'c}, Petar},
  journal={arXiv preprint arXiv:2004.05718},
  year={2020}
}
@inproceedings{beani2021directional,
  title={Directional graph networks},
  author={Beani, Dominique and Passaro, Saro and L{\'e}tourneau, Vincent and Hamilton, Will and Corso, Gabriele and Li{\`o}, Pietro},
  booktitle={International Conference on Machine Learning},
  pages={748--758},
  year={2021},
  organization={PMLR}
}

@article{rong2020self,
  title={Self-supervised graph transformer on large-scale molecular data},
  author={Rong, Yu and Bian, Yatao and Xu, Tingyang and Xie, Weiyang and Wei, Ying and Huang, Wenbing and Huang, Junzhou},
  journal={arXiv preprint arXiv:2007.02835},
  year={2020}
}
