Automatically generated by Mendeley Desktop 1.19.8
Any changes to this file will be lost if it is regenerated by Mendeley.

BibTeX export options can be customized via Options -> BibTeX in Mendeley Desktop

@inproceedings{papamakarios2017masked,
author = {Papamakarios, George and Pavlakou, Theo and Murray, Iain},
booktitle = {Advances in Neural Information Processing Systems},
pages = {2338--2347},
title = {{Masked autoregressive flow for density estimation}},
year = {2017}
}
@article{li2017towards,
author = {Li, Jerry and Madry, Aleksander and Peebles, John and Schmidt, Ludwig},
journal = {arXiv preprint arXiv:1706.09884},
title = {{Towards understanding the dynamics of generative adversarial networks}},
year = {2017}
}
@inproceedings{jain2017creativity,
author = {Jain, Unnat and Zhang, Ziyu and Schwing, Alexander G},
booktitle = {Proceedings of the IEEE Conference on Computer Vision and Pattern Recognition},
pages = {6485--6494},
title = {{Creativity: Generating diverse questions using variational autoencoders}},
year = {2017}
}
@article{donahue2016adversarial,
author = {Donahue, Jeff and Kr{\"{a}}henb{\"{u}}hl, Philipp and Darrell, Trevor},
journal = {arXiv preprint arXiv:1605.09782},
title = {{Adversarial feature learning}},
year = {2016}
}
@article{cifka2018eval,
author = {C$\backslash$'$\backslash$ifka, Ond$\backslash$vrej and Severyn, Aliaksei and Alfonseca, Enrique and Filippova, Katja},
journal = {arXiv preprint arXiv:1804.07972},
title = {{Eval all, trust a few, do wrong to none: Comparing sentence generation models}},
year = {2018}
}
@inproceedings{gregor2015draw,
author = {Gregor, Karol and Danihelka, Ivo and Graves, Alex and Rezende, Danilo and Wierstra, Daan},
booktitle = {International Conference on Machine Learning},
organization = {PMLR},
pages = {1462--1471},
title = {{Draw: A recurrent neural network for image generation}},
year = {2015}
}
@inproceedings{belanger2016structured,
author = {Belanger, David and McCallum, Andrew},
booktitle = {International Conference on Machine Learning},
pages = {983--992},
title = {{Structured prediction energy networks}},
year = {2016}
}
@article{hoffman2013stochastic,
author = {Hoffman, Matthew D and Blei, David M and Wang, Chong and Paisley, John},
journal = {The Journal of Machine Learning Research},
number = {1},
pages = {1303--1347},
publisher = {JMLR. org},
title = {{Stochastic variational inference}},
volume = {14},
year = {2013}
}
@article{yu2014deep,
author = {Yu, Lei and Hermann, Karl Moritz and Blunsom, Phil and Pulman, Stephen},
journal = {arXiv preprint arXiv:1412.1632},
title = {{Deep learning for answer sentence selection}},
year = {2014}
}
@inproceedings{simonovsky2018graphvae,
author = {Simonovsky, Martin and Komodakis, Nikos},
booktitle = {International Conference on Artificial Neural Networks},
organization = {Springer},
pages = {412--422},
title = {{Graphvae: Towards generation of small graphs using variational autoencoders}},
year = {2018}
}
@article{liang2016neural,
author = {Liang, Chen and Berant, Jonathan and Le, Quoc and Forbus, Kenneth D and Lao, Ni},
journal = {arXiv preprint arXiv:1611.00020},
title = {{Neural symbolic machines: Learning semantic parsers on freebase with weak supervision}},
year = {2016}
}
@article{dieng2018avoiding,
author = {Dieng, Adji B and Kim, Yoon and Rush, Alexander M and Blei, David M},
journal = {arXiv preprint arXiv:1807.04863},
title = {{Avoiding latent variable collapse with generative skip models}},
year = {2018}
}
@article{guimaraes2017objective,
author = {Guimaraes, Gabriel Lima and Sanchez-Lengeling, Benjamin and Outeiral, Carlos and Farias, Pedro Luis Cunha and Aspuru-Guzik, Al{\'{a}}n},
journal = {arXiv preprint arXiv:1705.10843},
title = {{Objective-reinforced generative adversarial networks (organ) for sequence generation models}},
year = {2017}
}
@inproceedings{bengio2014deep,
author = {Bengio, Yoshua and Laufer, Eric and Alain, Guillaume and Yosinski, Jason},
booktitle = {International Conference on Machine Learning},
pages = {226--234},
title = {{Deep generative stochastic networks trainable by backprop}},
year = {2014}
}
@article{salimans2017pixelcnn++,
author = {Salimans, Tim and Karpathy, Andrej and Chen, Xi and Kingma, Diederik P},
journal = {arXiv preprint arXiv:1701.05517},
title = {{Pixelcnn++: Improving the pixelcnn with discretized logistic mixture likelihood and other modifications}},
year = {2017}
}
@inproceedings{you2018graph,
author = {You, Jiaxuan and Liu, Bowen and Ying, Zhitao and Pande, Vijay and Leskovec, Jure},
booktitle = {Advances in neural information processing systems},
pages = {6410--6421},
title = {{Graph convolutional policy network for goal-directed molecular graph generation}},
year = {2018}
}
@article{xiong2017deeppath,
author = {Xiong, Wenhan and Hoang, Thien and Wang, William Yang},
journal = {arXiv preprint arXiv:1707.06690},
title = {{Deeppath: A reinforcement learning method for knowledge graph reasoning}},
year = {2017}
}
@inproceedings{kusner2017grammar,
author = {Kusner, Matt J and Paige, Brooks and Hern{\'{a}}ndez-Lobato, Jos{\'{e}} Miguel},
booktitle = {Proceedings of the 34th International Conference on Machine Learning-Volume 70},
organization = {JMLR. org},
pages = {1945--1954},
title = {{Grammar variational autoencoder}},
year = {2017}
}
@article{madhawa2019graphnvp,
author = {Madhawa, Kaushalya and Ishiguro, Katushiko and Nakago, Kosuke and Abe, Motoki},
journal = {arXiv preprint arXiv:1905.11600},
title = {{Graphnvp: An invertible flow model for generating molecular graphs}},
year = {2019}
}
@book{koller2009probabilistic,
author = {Koller, Daphne and Friedman, Nir},
publisher = {MIT press},
title = {{Probabilistic graphical models: principles and techniques}},
year = {2009}
}
@article{higgins2017beta,
author = {Higgins, Irina and Matthey, Loic and Pal, Arka and Burgess, Christopher and Glorot, Xavier and Botvinick, Matthew and Mohamed, Shakir and Lerchner, Alexander},
journal = {Iclr},
number = {5},
pages = {6},
title = {{beta-VAE: Learning Basic Visual Concepts with a Constrained Variational Framework.}},
volume = {2},
year = {2017}
}
@article{radford2019language,
author = {Radford, Alec and Wu, Jeffrey and Child, Rewon and Luan, David and Amodei, Dario and Sutskever, Ilya},
journal = {OpenAI blog},
number = {8},
pages = {9},
title = {{Language models are unsupervised multitask learners}},
volume = {1},
year = {2019}
}
@inproceedings{mishra2018generative,
author = {Mishra, Ashish and {Krishna Reddy}, Shiva and Mittal, Anurag and Murthy, Hema A},
booktitle = {Proceedings of the IEEE Conference on Computer Vision and Pattern Recognition Workshops},
pages = {2188--2196},
title = {{A generative model for zero shot learning using conditional variational autoencoders}},
year = {2018}
}
@article{weston2014memory,
author = {Weston, Jason and Chopra, Sumit and Bordes, Antoine},
journal = {arXiv preprint arXiv:1410.3916},
title = {{Memory networks}},
year = {2014}
}
@inproceedings{tran2019discrete,
author = {Tran, Dustin and Vafa, Keyon and Agrawal, Kumar and Dinh, Laurent and Poole, Ben},
booktitle = {Advances in Neural Information Processing Systems},
pages = {14692--14701},
title = {{Discrete flows: Invertible generative models of discrete data}},
year = {2019}
}
@article{jacobsen2018revnet,
author = {Jacobsen, J{\"{o}}rn-Henrik and Smeulders, Arnold and Oyallon, Edouard},
journal = {arXiv preprint arXiv:1802.07088},
title = {{i-revnet: Deep invertible networks}},
year = {2018}
}
@inproceedings{liu2018constrained,
author = {Liu, Qi and Allamanis, Miltiadis and Brockschmidt, Marc and Gaunt, Alexander},
booktitle = {Advances in neural information processing systems},
pages = {7795--7804},
title = {{Constrained graph variational autoencoders for molecule design}},
year = {2018}
}
@inproceedings{andreas2016neural,
author = {Andreas, Jacob and Rohrbach, Marcus and Darrell, Trevor and Klein, Dan},
booktitle = {Proceedings of the IEEE Conference on Computer Vision and Pattern Recognition},
pages = {39--48},
title = {{Neural module networks}},
year = {2016}
}
@article{gomez2018automatic,
author = {G{\'{o}}mez-Bombarelli, Rafael and Wei, Jennifer N and Duvenaud, David and Hern{\'{a}}ndez-Lobato, Jos{\'{e}} Miguel and S{\'{a}}nchez-Lengeling, Benjam$\backslash$'$\backslash$in and Sheberla, Dennis and Aguilera-Iparraguirre, Jorge and Hirzel, Timothy D and Adams, Ryan P and Aspuru-Guzik, Al{\'{a}}n},
journal = {ACS central science},
number = {2},
pages = {268--276},
publisher = {ACS Publications},
title = {{Automatic chemical design using a data-driven continuous representation of molecules}},
volume = {4},
year = {2018}
}
@article{perarnau2016invertible,
author = {Perarnau, Guim and {Van De Weijer}, Joost and Raducanu, Bogdan and {\'{A}}lvarez, Jose M},
journal = {arXiv preprint arXiv:1611.06355},
title = {{Invertible conditional gans for image editing}},
year = {2016}
}
@article{oord2016pixel,
author = {van den Oord, Aaron and Kalchbrenner, Nal and Kavukcuoglu, Koray},
journal = {arXiv preprint arXiv:1601.06759},
title = {{Pixel recurrent neural networks}},
year = {2016}
}
@inproceedings{yan2016attribute2image,
author = {Yan, Xinchen and Yang, Jimei and Sohn, Kihyuk and Lee, Honglak},
booktitle = {European Conference on Computer Vision},
organization = {Springer},
pages = {776--791},
title = {{Attribute2image: Conditional image generation from visual attributes}},
year = {2016}
}
@inproceedings{stoller2018adversarial,
author = {Stoller, Daniel and Ewert, Sebastian and Dixon, Simon},
booktitle = {2018 IEEE International Conference on Acoustics, Speech and Signal Processing (ICASSP)},
organization = {IEEE},
pages = {2391--2395},
title = {{Adversarial semi-supervised audio source separation applied to singing voice extraction}},
year = {2018}
}
@article{yin2015neural,
author = {Yin, Jun and Jiang, Xin and Lu, Zhengdong and Shang, Lifeng and Li, Hang and Li, Xiaoming},
journal = {arXiv preprint arXiv:1512.01337},
title = {{Neural generative question answering}},
year = {2015}
}
@article{lecun2006tutorial,
author = {LeCun, Yann and Chopra, Sumit and Hadsell, Raia and Ranzato, M and Huang, F},
journal = {Predicting structured data},
number = {0},
title = {{A tutorial on energy-based learning}},
volume = {1},
year = {2006}
}
@article{kingma2013auto,
author = {Kingma, Diederik P and Welling, Max},
journal = {arXiv preprint arXiv:1312.6114},
title = {{Auto-encoding variational bayes}},
year = {2013}
}
@article{choromanski2020rethinking,
author = {Choromanski, Krzysztof and Likhosherstov, Valerii and Dohan, David and Song, Xingyou and Gane, Andreea and Sarlos, Tamas and Hawkins, Peter and Davis, Jared and Mohiuddin, Afroz and Kaiser, Lukasz and Others},
journal = {arXiv preprint arXiv:2009.14794},
title = {{Rethinking attention with performers}},
year = {2020}
}
@article{hamilton2017representation,
author = {Hamilton, William L and Ying, Rex and Leskovec, Jure},
journal = {arXiv preprint arXiv:1709.05584},
title = {{Representation learning on graphs: Methods and applications}},
year = {2017}
}
@article{springenberg2015unsupervised,
author = {Springenberg, Jost Tobias},
journal = {arXiv preprint arXiv:1511.06390},
title = {{Unsupervised and semi-supervised learning with categorical generative adversarial networks}},
year = {2015}
}
@inproceedings{hoogeboom2019integer,
author = {Hoogeboom, Emiel and Peters, Jorn and van den Berg, Rianne and Welling, Max},
booktitle = {Advances in Neural Information Processing Systems},
pages = {12134--12144},
title = {{Integer discrete flows and lossless compression}},
year = {2019}
}
@inproceedings{xu2016ask,
author = {Xu, Huijuan and Saenko, Kate},
booktitle = {European Conference on Computer Vision},
organization = {Springer},
pages = {451--466},
title = {{Ask, attend and answer: Exploring question-guided spatial attention for visual question answering}},
year = {2016}
}
@article{dinh2016density,
author = {Dinh, Laurent and Sohl-Dickstein, Jascha and Bengio, Samy},
journal = {arXiv preprint arXiv:1605.08803},
title = {{Density estimation using real nvp}},
year = {2016}
}
@article{grover2018graphite,
author = {Grover, Aditya and Zweig, Aaron and Ermon, Stefano},
journal = {arXiv preprint arXiv:1803.10459},
title = {{Graphite: Iterative generative modeling of graphs}},
year = {2018}
}
@article{devlin2018bert,
author = {Devlin, Jacob and Chang, Ming-Wei and Lee, Kenton and Toutanova, Kristina},
journal = {arXiv preprint arXiv:1810.04805},
title = {{Bert: Pre-training of deep bidirectional transformers for language understanding}},
year = {2018}
}
@article{oord2016wavenet,
author = {van den Oord, Aaron and Dieleman, Sander and Zen, Heiga and Simonyan, Karen and Vinyals, Oriol and Graves, Alex and Kalchbrenner, Nal and Senior, Andrew and Kavukcuoglu, Koray},
journal = {arXiv preprint arXiv:1609.03499},
title = {{Wavenet: A generative model for raw audio}},
year = {2016}
}
@article{velivckovic2017graph,
author = {Veli{\v{c}}kovi{\'{c}}, Petar and Cucurull, Guillem and Casanova, Arantxa and Romero, Adriana and Lio, Pietro and Bengio, Yoshua},
journal = {arXiv preprint arXiv:1710.10903},
title = {{Graph attention networks}},
year = {2017}
}
@inproceedings{sutskever2014sequence,
author = {Sutskever, Ilya and Vinyals, Oriol and Le, Quoc V},
booktitle = {Advances in neural information processing systems},
pages = {3104--3112},
title = {{Sequence to sequence learning with neural networks}},
year = {2014}
}
@inproceedings{Krizhevsky2012,
author = {Krizhevsky, Alex and Sutskever, Ilya and Hinton, Geoffrey E},
booktitle = {Advances in neural information processing systems},
pages = {1097--1105},
title = {{Imagenet classification with deep convolutional neural networks}},
year = {2012}
}
@article{arjovsky2017wasserstein,
author = {Arjovsky, Martin and Chintala, Soumith and Bottou, L{\'{e}}on},
journal = {arXiv preprint arXiv:1701.07875},
title = {{Wasserstein gan}},
year = {2017}
}
@inproceedings{grover2016node2vec,
author = {Grover, Aditya and Leskovec, Jure},
booktitle = {Proceedings of the 22nd ACM SIGKDD international conference on Knowledge discovery and data mining},
pages = {855--864},
title = {{node2vec: Scalable feature learning for networks}},
year = {2016}
}
@article{segler2018generating,
author = {Segler, Marwin H S and Kogej, Thierry and Tyrchan, Christian and Waller, Mark P},
journal = {ACS central science},
number = {1},
pages = {120--131},
publisher = {ACS Publications},
title = {{Generating focused molecule libraries for drug discovery with recurrent neural networks}},
volume = {4},
year = {2018}
}
@article{kipf2016semi,
author = {Kipf, Thomas N and Welling, Max},
journal = {arXiv preprint arXiv:1609.02907},
title = {{Semi-supervised classification with graph convolutional networks}},
year = {2016}
}
@article{jin2018junction,
author = {Jin, Wengong and Barzilay, Regina and Jaakkola, Tommi},
journal = {arXiv preprint arXiv:1802.04364},
title = {{Junction tree variational autoencoder for molecular graph generation}},
year = {2018}
}
@article{maddison2016concrete,
author = {Maddison, Chris J and Mnih, Andriy and Teh, Yee Whye},
journal = {arXiv preprint arXiv:1611.00712},
title = {{The concrete distribution: A continuous relaxation of discrete random variables}},
year = {2016}
}
@article{de2018molgan,
author = {{De Cao}, Nicola and Kipf, Thomas},
journal = {arXiv preprint arXiv:1805.11973},
title = {{MolGAN: An implicit generative model for small molecular graphs}},
year = {2018}
}
@article{senior2020improved,
author = {Senior, Andrew W and Evans, Richard and Jumper, John and Kirkpatrick, James and Sifre, Laurent and Green, Tim and Qin, Chongli and {\v{Z}}$\backslash$'$\backslash$idek, Augustin and Nelson, Alexander W R and Bridgland, Alex and Others},
journal = {Nature},
pages = {1--5},
publisher = {Nature Publishing Group},
title = {{Improved protein structure prediction using potentials from deep learning}},
year = {2020}
}
@article{mirza2014conditional,
author = {Mirza, Mehdi and Osindero, Simon},
journal = {arXiv preprint arXiv:1411.1784},
title = {{Conditional generative adversarial nets}},
year = {2014}
}
@inproceedings{vaswani2017attention,
author = {Vaswani, Ashish and Shazeer, Noam and Parmar, Niki and Uszkoreit, Jakob and Jones, Llion and Gomez, Aidan N and Kaiser, {\L}ukasz and Polosukhin, Illia},
booktitle = {Advances in neural information processing systems},
pages = {5998--6008},
title = {{Attention is all you need}},
year = {2017}
}
@inproceedings{yu2017seqgan,
author = {Yu, Lantao and Zhang, Weinan and Wang, Jun and Yu, Yong},
booktitle = {Thirty-First AAAI Conference on Artificial Intelligence},
title = {{Seqgan: Sequence generative adversarial nets with policy gradient}},
year = {2017}
}
@article{kusner2016gans,
author = {Kusner, Matt J and Hern{\'{a}}ndez-Lobato, Jos{\'{e}} Miguel},
journal = {arXiv preprint arXiv:1611.04051},
title = {{Gans for sequences of discrete elements with the gumbel-softmax distribution}},
year = {2016}
}
@article{che2017maximum,
author = {Che, Tong and Li, Yanran and Zhang, Ruixiang and Hjelm, R Devon and Li, Wenjie and Song, Yangqiu and Bengio, Yoshua},
journal = {arXiv preprint arXiv:1702.07983},
title = {{Maximum-likelihood augmented discrete generative adversarial networks}},
year = {2017}
}
@article{dai2018syntax,
author = {Dai, Hanjun and Tian, Yingtao and Dai, Bo and Skiena, Steven and Song, Le},
journal = {arXiv preprint arXiv:1802.08786},
title = {{Syntax-directed variational autoencoder for structured data}},
year = {2018}
}
@inproceedings{sonderby2016ladder,
author = {S{\o}nderby, Casper Kaae and Raiko, Tapani and Maal{\o}e, Lars and S{\o}nderby, S{\o}ren Kaae and Winther, Ole},
booktitle = {Advances in neural information processing systems},
pages = {3738--3746},
title = {{Ladder variational autoencoders}},
year = {2016}
}
@inproceedings{goodfellow2014generative,
author = {Goodfellow, Ian and Pouget-Abadie, Jean and Mirza, Mehdi and Xu, Bing and Warde-Farley, David and Ozair, Sherjil and Courville, Aaron and Bengio, Yoshua},
booktitle = {Advances in neural information processing systems},
pages = {2672--2680},
title = {{Generative adversarial nets}},
year = {2014}
}
@inproceedings{zhu2017unpaired,
author = {Zhu, Jun-Yan and Park, Taesung and Isola, Phillip and Efros, Alexei A},
booktitle = {Proceedings of the IEEE international conference on computer vision},
pages = {2223--2232},
title = {{Unpaired image-to-image translation using cycle-consistent adversarial networks}},
year = {2017}
}
@inproceedings{yang2017differentiable,
author = {Yang, Fan and Yang, Zhilin and Cohen, William W},
booktitle = {Advances in Neural Information Processing Systems},
pages = {2319--2328},
title = {{Differentiable learning of logical rules for knowledge base reasoning}},
year = {2017}
}
@article{maaloe2016auxiliary,
author = {Maal{\o}e, Lars and S{\o}nderby, Casper Kaae and S{\o}nderby, S{\o}ren Kaae and Winther, Ole},
journal = {arXiv preprint arXiv:1602.05473},
title = {{Auxiliary deep generative models}},
year = {2016}
}
@inproceedings{chen2014stochastic,
author = {Chen, Tianqi and Fox, Emily and Guestrin, Carlos},
booktitle = {International conference on machine learning},
pages = {1683--1691},
title = {{Stochastic gradient hamiltonian monte carlo}},
year = {2014}
}
@inproceedings{bengio2015scheduled,
author = {Bengio, Samy and Vinyals, Oriol and Jaitly, Navdeep and Shazeer, Noam},
booktitle = {Advances in Neural Information Processing Systems},
pages = {1171--1179},
title = {{Scheduled sampling for sequence prediction with recurrent neural networks}},
year = {2015}
}
@article{behrmann2018invertible,
author = {Behrmann, Jens and Grathwohl, Will and Chen, Ricky T Q and Duvenaud, David and Jacobsen, J{\"{o}}rn-Henrik},
journal = {arXiv preprint arXiv:1811.00995},
title = {{Invertible residual networks}},
year = {2018}
}
@article{hjelm2017boundary,
author = {Hjelm, R Devon and Jacob, Athul Paul and Che, Tong and Trischler, Adam and Cho, Kyunghyun and Bengio, Yoshua},
journal = {arXiv preprint arXiv:1702.08431},
title = {{Boundary-seeking generative adversarial networks}},
year = {2017}
}
@article{ping2018clarinet,
author = {Ping, Wei and Peng, Kainan and Chen, Jitong},
journal = {arXiv preprint arXiv:1807.07281},
title = {{Clarinet: Parallel wave generation in end-to-end text-to-speech}},
year = {2018}
}
@article{jang2016categorical,
author = {Jang, Eric and Gu, Shixiang and Poole, Ben},
journal = {arXiv preprint arXiv:1611.01144},
title = {{Categorical reparameterization with gumbel-softmax}},
year = {2016}
}
@article{bojchevski2018netgan,
author = {Bojchevski, Aleksandar and Shchur, Oleksandr and Z{\"{u}}gner, Daniel and G{\"{u}}nnemann, Stephan},
journal = {arXiv preprint arXiv:1803.00816},
title = {{Netgan: Generating graphs via random walks}},
year = {2018}
}
@inproceedings{chen2016infogan,
author = {Chen, Xi and Duan, Yan and Houthooft, Rein and Schulman, John and Sutskever, Ilya and Abbeel, Pieter},
booktitle = {Advances in neural information processing systems},
pages = {2172--2180},
title = {{Infogan: Interpretable representation learning by information maximizing generative adversarial nets}},
year = {2016}
}
@article{burgess2018understanding,
author = {Burgess, Christopher P and Higgins, Irina and Pal, Arka and Matthey, Loic and Watters, Nick and Desjardins, Guillaume and Lerchner, Alexander},
journal = {arXiv preprint arXiv:1804.03599},
title = {{Understanding disentangling in {\$}{\$}$\backslash${\$}beta {\$}-VAE}},
year = {2018}
}
@article{oord2017parallel,
author = {van den Oord, Aaron and Li, Yazhe and Babuschkin, Igor and Simonyan, Karen and Vinyals, Oriol and Kavukcuoglu, Koray and van den Driessche, George and Lockhart, Edward and Cobo, Luis C and Stimberg, Florian and Others},
journal = {arXiv preprint arXiv:1711.10433},
title = {{Parallel wavenet: Fast high-fidelity speech synthesis}},
year = {2017}
}
@inproceedings{van2017neural,
author = {van den Oord, Aaron and Vinyals, Oriol and Others},
booktitle = {Advances in Neural Information Processing Systems},
pages = {6306--6315},
title = {{Neural discrete representation learning}},
year = {2017}
}
@inproceedings{wang2018graphgan,
author = {Wang, Hongwei and Wang, Jia and Wang, Jialin and Zhao, Miao and Zhang, Weinan and Zhang, Fuzheng and Xie, Xing and Guo, Minyi},
booktitle = {Thirty-second AAAI conference on artificial intelligence},
title = {{Graphgan: Graph representation learning with generative adversarial nets}},
year = {2018}
}
@inproceedings{kingma2018glow,
author = {Kingma, Durk P and Dhariwal, Prafulla},
booktitle = {Advances in Neural Information Processing Systems},
pages = {10215--10224},
title = {{Glow: Generative flow with invertible 1x1 convolutions}},
year = {2018}
}
@inproceedings{chen2018isolating,
author = {Chen, Tian Qi and Li, Xuechen and Grosse, Roger B and Duvenaud, David K},
booktitle = {Advances in Neural Information Processing Systems},
pages = {2610--2620},
title = {{Isolating sources of disentanglement in variational autoencoders}},
year = {2018}
}
@inproceedings{gulrajani2017improved,
author = {Gulrajani, Ishaan and Ahmed, Faruk and Arjovsky, Martin and Dumoulin, Vincent and Courville, Aaron C},
booktitle = {Advances in neural information processing systems},
pages = {5767--5777},
title = {{Improved training of wasserstein gans}},
year = {2017}
}
@article{metz2016unrolled,
author = {Metz, Luke and Poole, Ben and Pfau, David and Sohl-Dickstein, Jascha},
journal = {arXiv preprint arXiv:1611.02163},
title = {{Unrolled generative adversarial networks}},
year = {2016}
}
@article{rezende2015variational,
author = {Rezende, Danilo Jimenez and Mohamed, Shakir},
journal = {arXiv preprint arXiv:1505.05770},
title = {{Variational inference with normalizing flows}},
year = {2015}
}
@article{xiao2019method,
author = {Xiao, Zhisheng and Yan, Qing and Amit, Yali},
journal = {arXiv preprint arXiv:1911.02052},
title = {{A Method to Model Conditional Distributions with Normalizing Flows}},
year = {2019}
}
@article{li2018learning,
author = {Li, Yujia and Vinyals, Oriol and Dyer, Chris and Pascanu, Razvan and Battaglia, Peter},
journal = {arXiv preprint arXiv:1803.03324},
title = {{Learning deep generative models of graphs}},
year = {2018}
}
@article{huang2018neural,
author = {Huang, Chin-Wei and Krueger, David and Lacoste, Alexandre and Courville, Aaron},
journal = {arXiv preprint arXiv:1804.00779},
title = {{Neural autoregressive flows}},
year = {2018}
}
@article{fedus2018maskgan,
author = {Fedus, William and Goodfellow, Ian and Dai, Andrew M},
journal = {arXiv preprint arXiv:1801.07736},
title = {{MaskGAN: better text generation via filling in the{\_}}},
year = {2018}
}
@inproceedings{anderson2018bottom,
author = {Anderson, Peter and He, Xiaodong and Buehler, Chris and Teney, Damien and Johnson, Mark and Gould, Stephen and Zhang, Lei},
booktitle = {Proceedings of the IEEE conference on computer vision and pattern recognition},
pages = {6077--6086},
title = {{Bottom-up and top-down attention for image captioning and visual question answering}},
year = {2018}
}
@article{radford2018improving,
author = {Radford, Alec and Narasimhan, Karthik and Salimans, Tim and Sutskever, Ilya},
title = {{Improving language understanding by generative pre-training}},
year = {2018}
}
@inproceedings{sukhbaatar2015end,
author = {Sukhbaatar, Sainbayar and Weston, Jason and Fergus, Rob and Others},
booktitle = {Advances in neural information processing systems},
pages = {2440--2448},
title = {{End-to-end memory networks}},
year = {2015}
}
@article{you2018graphrnn,
author = {You, Jiaxuan and Ying, Rex and Ren, Xiang and Hamilton, William L and Leskovec, Jure},
journal = {arXiv preprint arXiv:1802.08773},
title = {{Graphrnn: Generating realistic graphs with deep auto-regressive models}},
year = {2018}
}
@inproceedings{lu2016hierarchical,
author = {Lu, Jiasen and Yang, Jianwei and Batra, Dhruv and Parikh, Devi},
booktitle = {Advances in neural information processing systems},
pages = {289--297},
title = {{Hierarchical question-image co-attention for visual question answering}},
year = {2016}
}
@inproceedings{mao2017least,
author = {Mao, Xudong and Li, Qing and Xie, Haoran and Lau, Raymond Y K and Wang, Zhen and {Paul Smolley}, Stephen},
booktitle = {Proceedings of the IEEE International Conference on Computer Vision},
pages = {2794--2802},
title = {{Least squares generative adversarial networks}},
year = {2017}
}
@article{lillicrap2015continuous,
author = {Lillicrap, Timothy P and Hunt, Jonathan J and Pritzel, Alexander and Heess, Nicolas and Erez, Tom and Tassa, Yuval and Silver, David and Wierstra, Daan},
journal = {arXiv preprint arXiv:1509.02971},
title = {{Continuous control with deep reinforcement learning}},
year = {2015}
}
@inproceedings{kingma2016improved,
author = {Kingma, Durk P and Salimans, Tim and Jozefowicz, Rafal and Chen, Xi and Sutskever, Ilya and Welling, Max},
booktitle = {Advances in neural information processing systems},
pages = {4743--4751},
title = {{Improved variational inference with inverse autoregressive flow}},
year = {2016}
}
@article{andreas2016learning,
author = {Andreas, Jacob and Rohrbach, Marcus and Darrell, Trevor and Klein, Dan},
journal = {arXiv preprint arXiv:1601.01705},
title = {{Learning to compose neural networks for question answering}},
year = {2016}
}
@article{hinton2007boltzmann,
author = {Hinton, Geoffrey E},
journal = {Scholarpedia},
number = {5},
pages = {1668},
title = {{Boltzmann machine}},
volume = {2},
year = {2007}
}
@article{blei2017variational,
author = {Blei, David M and Kucukelbir, Alp and McAuliffe, Jon D},
journal = {Journal of the American statistical Association},
number = {518},
pages = {859--877},
publisher = {Taylor {\&} Francis},
title = {{Variational inference: A review for statisticians}},
volume = {112},
year = {2017}
}
@article{bowman2015generating,
author = {Bowman, Samuel R and Vilnis, Luke and Vinyals, Oriol and Dai, Andrew M and Jozefowicz, Rafal and Bengio, Samy},
journal = {arXiv preprint arXiv:1511.06349},
title = {{Generating sentences from a continuous space}},
year = {2015}
}
@article{dinh2014nice,
author = {Dinh, Laurent and Krueger, David and Bengio, Yoshua},
journal = {arXiv preprint arXiv:1410.8516},
title = {{Nice: Non-linear independent components estimation}},
year = {2014}
}
@article{rezende2014stochastic,
author = {Rezende, Danilo Jimenez and Mohamed, Shakir and Wierstra, Daan},
journal = {arXiv preprint arXiv:1401.4082},
title = {{Stochastic backpropagation and approximate inference in deep generative models}},
year = {2014}
}
@inproceedings{hu2017learning,
author = {Hu, Ronghang and Andreas, Jacob and Rohrbach, Marcus and Darrell, Trevor and Saenko, Kate},
booktitle = {Proceedings of the IEEE International Conference on Computer Vision},
pages = {804--813},
title = {{Learning to reason: End-to-end module networks for visual question answering}},
year = {2017}
}
